<record><leader>00000cas a2200000 i 4500</leader><controlfield tag="001">969976387</controlfield><controlfield tag="006">m     o  d        </controlfield><controlfield tag="007">cr |||||||||||</controlfield><controlfield tag="008">170125d18831884nduwr neo     0   a0eng  </controlfield><datafield ind1=" " ind2=" " tag="010"><subfield code="a">  2016271272</subfield></datafield><datafield ind1=" " ind2=" " tag="040"><subfield code="a">DLC</subfield><subfield code="b">eng</subfield><subfield code="e">rda</subfield><subfield code="c">DLC</subfield><subfield code="d">OCLCF</subfield></datafield><datafield ind1="0" ind2=" " tag="022"><subfield code="a">2475-7101</subfield><subfield code="2">1</subfield></datafield><datafield ind1=" " ind2=" " tag="042"><subfield code="a">pcc</subfield><subfield code="a">nsdp</subfield></datafield><datafield ind1=" " ind2=" " tag="043"><subfield code="a">n-us-nd</subfield></datafield><datafield ind1="1" ind2="0" tag="050"><subfield code="a">ISSN RECORD</subfield></datafield><datafield ind1="1" ind2="0" tag="082"><subfield code="a">071</subfield><subfield code="2">23</subfield></datafield><datafield ind1="0" ind2=" " tag="130"><subfield code="a">Cooperstown courier (Cooperstown, N.D. : 1883)</subfield></datafield><datafield ind1=" " ind2="0" tag="222"><subfield code="a">Cooperstown courier</subfield><subfield code="b">(Cooperstown, N.D. 1883. Online)</subfield></datafield><datafield ind1="1" ind2="0" tag="245"><subfield code="a">Cooperstown courier.</subfield></datafield><datafield ind1=" " ind2="1" tag="264"><subfield code="a">Cooperstown, Griggs Co., Dak. [N.D.] :</subfield><subfield code="b">Ed. D. Stair,</subfield><subfield code="c">1883-1884.</subfield></datafield><datafield ind1=" " ind2=" " tag="300"><subfield code="a">1 online resource</subfield></datafield><datafield ind1=" " ind2=" " tag="310"><subfield code="a">Weekly</subfield></datafield><datafield ind1=" " ind2=" " tag="336"><subfield code="a">text</subfield><subfield code="b">txt</subfield><subfield code="2">rdacontent</subfield></datafield><datafield ind1=" " ind2=" " tag="337"><subfield code="a">computer</subfield><subfield code="b">c</subfield><subfield code="2">rdamedia</subfield></datafield><datafield ind1=" " ind2=" " tag="338"><subfield code="a">online resource</subfield><subfield code="b">cr</subfield><subfield code="2">rdacarrier</subfield></datafield><datafield ind1="1" ind2=" " tag="362"><subfield code="a">Began with vol. I, no. 1 (Jan. 26, 1883); ceased with vol. 2, no. 49 (December 26, 1884).</subfield></datafield><datafield ind1=" " ind2=" " tag="500"><subfield code="a">"Official paper of Griggs County."</subfield></datafield><datafield ind1=" " ind2=" " tag="530"><subfield code="a">Available on microfilm from the State Historical Society of North Dakota.</subfield></datafield><datafield ind1=" " ind2=" " tag="588"><subfield code="a">Description based on: Vol. I, no. 1 (Jan. 26, 1883); title from masthead (Chroniclingamerica.loc.gov, viewed January 25, 2017).</subfield></datafield><datafield ind1=" " ind2=" " tag="588"><subfield code="a">Latest issue consulted: Vol. 2, no. 49 (December 26, 1884) (Chroniclingamerica.loc.gov, viewed January 25, 2017).</subfield></datafield><datafield ind1=" " ind2="0" tag="651"><subfield code="a">Cooperstown (N.D.)</subfield><subfield code="v">Newspapers.</subfield></datafield><datafield ind1=" " ind2="7" tag="655"><subfield code="a">Newspapers.</subfield><subfield code="2">fast</subfield><subfield code="0">(OCoLC)fst01423814</subfield></datafield><datafield ind1=" " ind2="7" tag="651"><subfield code="a">North Dakota</subfield><subfield code="z">Cooperstown.</subfield><subfield code="2">fast</subfield><subfield code="0">(OCoLC)fst01250815</subfield></datafield><datafield ind1=" " ind2=" " tag="752"><subfield code="a">United States</subfield><subfield code="b">North Dakota</subfield><subfield code="c">Griggs</subfield><subfield code="d">Cooperstown.</subfield></datafield><datafield ind1="0" ind2="8" tag="776"><subfield code="i">Originally issued in print:</subfield><subfield code="t">Cooperstown courier (Cooperstown, N.D. : 1883)</subfield><subfield code="x">2475-7098</subfield><subfield code="w">(DLC)sn 88076993</subfield><subfield code="w">(OCoLC)18821053</subfield></datafield><datafield ind1="0" ind2="0" tag="785"><subfield code="t">Griggs County courier</subfield></datafield><datafield ind1="4" ind2="0" tag="856"><subfield code="u">http://www.loc.gov/chroniclingamerica/lccn/sn88076993/issues</subfield></datafield></record>